
  <record>
    <leader>01000aam  22002601a 4500</leader>
    <controlfield tag="001">YPZ646</controlfield>
    <controlfield tag="003">YPZ</controlfield>
    <controlfield tag="005">200411090000000</controlfield>
    <controlfield tag="008">041109|###########||||||b||||||||||spa|d</controlfield>
    <datafield tag="040" ind1=" " ind2=" ">
      <subfield code="c">SIUNPA</subfield>
    </datafield>
    <datafield tag="041" ind1=" " ind2=" ">
      <subfield code="a">spa</subfield>
    </datafield>
    <datafield tag="044" ind1=" " ind2=" ">
      <subfield code="a">AR</subfield>
    </datafield>
    <datafield tag="080" ind1=" " ind2=" ">
      <subfield code="a">599.733.1 D583d</subfield>
    </datafield>
    <datafield tag="100" ind1=" " ind2=" ">
      <subfield code="a">Lamo, Daniel de, dir..</subfield>
    </datafield>
    <datafield tag="700" ind1=" " ind2=" ">
      <subfield code="a">Clifton, Guillermo.</subfield>
    </datafield>
    <datafield tag="700" ind1=" " ind2=" ">
      <subfield code="a">Manero, Amanda.</subfield>
    </datafield>
    <datafield tag="700" ind1=" " ind2=" ">
      <subfield code="a">Padín, Mirta.</subfield>
    </datafield>
    <datafield tag="245" ind1=" " ind2=" ">
      <subfield code="a">Dinámica poblacional y modelación para el uso sustentable de una población de guanaco en el sur de Santa Cruz</subfield>
    </datafield>
    <datafield tag="260" ind1=" " ind2=" ">
      <subfield code="a">Río Gallegos</subfield>
      <subfield code="b"> : Unidad Académica Río Gallegos, UNPA</subfield>
      <subfield code="c"> , 2000</subfield>
    </datafield>
    <datafield tag="500" ind1=" " ind2=" ">
      <subfield code="a">Informe final del proyecto de investigación</subfield>
    </datafield>
    <datafield tag="650" ind1=" " ind2=" ">
      <subfield code="a"> GUANACO</subfield>
    </datafield>
    <datafield tag="650" ind1=" " ind2=" ">
      <subfield code="a"> LAMA GUANICOE</subfield>
    </datafield>
    <datafield tag="650" ind1=" " ind2=" ">
      <subfield code="a"> DINAMICA DE LA POBLACION</subfield>
    </datafield>
    <datafield tag="650" ind1=" " ind2=" ">
      <subfield code="a"> SANTA CRUZ (ARGENTINA)</subfield>
    </datafield>
    <datafield tag="942" ind1=" " ind2=" ">
      <subfield code="c">SP</subfield>
    </datafield>
    <datafield tag="952" ind1=" " ind2=" ">
      <subfield code="a">BIB_RECT</subfield>
      <subfield code="b">BIB_UARG</subfield>
      <subfield code="d">2006-10-06</subfield>
      <subfield code="y">SP</subfield>
      <subfield code="p">05-16942</subfield>
      <subfield code="i">05-16942</subfield>
      <subfield code="g"/>
      <subfield code="o">599.733.1 D583d</subfield>
      <subfield code="e"/>
      <subfield code="8">CG</subfield>
    </datafield>
    <datafield tag="952" ind1=" " ind2=" ">
      <subfield code="a">BIB_RECT</subfield>
      <subfield code="b">BIB_UARG</subfield>
      <subfield code="d">2005-08-23</subfield>
      <subfield code="y">SP</subfield>
      <subfield code="p">05-26102</subfield>
      <subfield code="i">05-26102</subfield>
      <subfield code="g">10</subfield>
      <subfield code="o">599.733.1 D583d</subfield>
      <subfield code="e">Proyecto de investig</subfield>
      <subfield code="8">CG</subfield>
    </datafield>
    <datafield tag="952" ind1=" " ind2=" ">
      <subfield code="a">BIB_RECT</subfield>
      <subfield code="b">BIB_UARG</subfield>
      <subfield code="d">2005-08-23</subfield>
      <subfield code="y">SP</subfield>
      <subfield code="p">05-26103</subfield>
      <subfield code="i">05-26103</subfield>
      <subfield code="g">10</subfield>
      <subfield code="o">599.733.1 D583d</subfield>
      <subfield code="e">Proyecto de investig</subfield>
      <subfield code="8">CG</subfield>
    </datafield>
    <datafield tag="952" ind1=" " ind2=" ">
      <subfield code="a">BIB_RECT</subfield>
      <subfield code="b">BIB_UARG</subfield>
      <subfield code="d">2005-08-23</subfield>
      <subfield code="y">SP</subfield>
      <subfield code="p">05-26104</subfield>
      <subfield code="i">05-26104</subfield>
      <subfield code="g">10</subfield>
      <subfield code="o">599.733.1 D583d</subfield>
      <subfield code="e">Proyecto de investig</subfield>
      <subfield code="8">CG</subfield>
    </datafield>
    <datafield tag="952" ind1=" " ind2=" ">
      <subfield code="a">BIB_RECT</subfield>
      <subfield code="b">BIB_UARG</subfield>
      <subfield code="d">2005-08-23</subfield>
      <subfield code="y">SP</subfield>
      <subfield code="p">05-26105</subfield>
      <subfield code="i">05-26105</subfield>
      <subfield code="g">10</subfield>
      <subfield code="o">599.733.1 D583d</subfield>
      <subfield code="e">Proyecto de investig</subfield>
      <subfield code="8">CG</subfield>
    </datafield>
    <datafield tag="952" ind1=" " ind2=" ">
      <subfield code="a">BIB_RECT</subfield>
      <subfield code="b">BIB_UARG</subfield>
      <subfield code="d">2005-08-23</subfield>
      <subfield code="y">SP</subfield>
      <subfield code="p">05-26106</subfield>
      <subfield code="i">05-26106</subfield>
      <subfield code="g">10</subfield>
      <subfield code="o">599.733.1 D583d</subfield>
      <subfield code="e">Proyecto de investig</subfield>
      <subfield code="8">CG</subfield>
    </datafield>
  </record>