
  <record>
    <leader>01000aam  22002601a 4500</leader>
    <controlfield tag="001">YPZ751</controlfield>
    <controlfield tag="003">YPZ</controlfield>
    <controlfield tag="005">200503150000000</controlfield>
    <controlfield tag="008">050315|###########||||||b||||||||||spa|d</controlfield>
    <datafield tag="040" ind1=" " ind2=" ">
      <subfield code="c">SIUNPA</subfield>
    </datafield>
    <datafield tag="041" ind1=" " ind2=" ">
      <subfield code="a">spa</subfield>
    </datafield>
    <datafield tag="044" ind1=" " ind2=" ">
      <subfield code="a">AR</subfield>
    </datafield>
    <datafield tag="080" ind1=" " ind2=" ">
      <subfield code="a">F37 S231b</subfield>
    </datafield>
    <datafield tag="110" ind1=" " ind2=" ">
      <subfield code="a">Santa Fe. Ministerio de Educación. Centro de Documentación e Información Educativa.</subfield>
    </datafield>
    <datafield tag="245" ind1=" " ind2=" ">
      <subfield code="a">Boletín de educación no. 2</subfield>
    </datafield>
    <datafield tag="260" ind1=" " ind2=" ">
      <subfield code="a">Santa Fé</subfield>
      <subfield code="b"> : Centro de Documentación e Información Educativa</subfield>
      <subfield code="c"> , 1995</subfield>
    </datafield>
    <datafield tag="300" ind1=" " ind2=" ">
      <subfield code="a">11 h. : </subfield>
      <subfield code="a">33 h. : </subfield>
      <subfield code="b">il. ; </subfield>
      <subfield code="a">63 p. : </subfield>
      <subfield code="b">il. ; </subfield>
    </datafield>
    <datafield tag="650" ind1=" " ind2=" ">
      <subfield code="a"> EDUCACION</subfield>
    </datafield>
    <datafield tag="942" ind1=" " ind2=" ">
      <subfield code="c">SP</subfield>
    </datafield>
    <datafield tag="952" ind1=" " ind2=" ">
      <subfield code="a">BIB_RECT</subfield>
      <subfield code="b">BIB_UACO</subfield>
      <subfield code="d">2005-08-23</subfield>
      <subfield code="y">SP</subfield>
      <subfield code="p">02-03584</subfield>
      <subfield code="i">02-03584</subfield>
      <subfield code="g">3</subfield>
      <subfield code="o">F37 S231b</subfield>
      <subfield code="e">UACO - Mesa de entra</subfield>
      <subfield code="8">CG</subfield>
    </datafield>
  </record>