
  <record>
    <leader>01000aam  22002601a 4500</leader>
    <controlfield tag="001">YPZ892</controlfield>
    <controlfield tag="003">YPZ</controlfield>
    <controlfield tag="005">200505110000000</controlfield>
    <controlfield tag="008">050511|###########||||||b||||||||||spa|d</controlfield>
    <datafield tag="040" ind1=" " ind2=" ">
      <subfield code="c">SIUNPA</subfield>
    </datafield>
    <datafield tag="041" ind1=" " ind2=" ">
      <subfield code="a">spa</subfield>
    </datafield>
    <datafield tag="044" ind1=" " ind2=" ">
      <subfield code="a">AR</subfield>
    </datafield>
    <datafield tag="080" ind1=" " ind2=" ">
      <subfield code="a">F338.1 N964n</subfield>
    </datafield>
    <datafield tag="100" ind1=" " ind2=" ">
      <subfield code="a">Luque, Elida Irene.</subfield>
    </datafield>
    <datafield tag="700" ind1=" " ind2=" ">
      <subfield code="a">Martínez, Susana.</subfield>
    </datafield>
    <datafield tag="700" ind1=" " ind2=" ">
      <subfield code="a">Abalos, Noemí.</subfield>
    </datafield>
    <datafield tag="700" ind1=" " ind2=" ">
      <subfield code="a">Auzoberría, Miguel Ángel.</subfield>
    </datafield>
    <datafield tag="245" ind1=" " ind2=" ">
      <subfield code="a">Nueva articulación del capitalismo de economía privada y capitalismo de estado en Santa Cruz</subfield>
    </datafield>
    <datafield tag="260" ind1=" " ind2=" ">
      <subfield code="a">Río Gallegos</subfield>
      <subfield code="c"> , 2000</subfield>
    </datafield>
    <datafield tag="300" ind1=" " ind2=" ">
      <subfield code="a">[18] h. : </subfield>
    </datafield>
    <datafield tag="500" ind1=" " ind2=" ">
      <subfield code="a">Trabajo presentado en las XVII Jornadas de Historia Económica, Tucumán, 20 al 22/9/2000 -  Simposio nº 20: "Economía privada y estado en el capitalismo argentino contemporáneo: manifestaciones económicas y sociales en su articulación"</subfield>
    </datafield>
    <datafield tag="650" ind1=" " ind2=" ">
      <subfield code="a"> DESARROLLO ECONOMICO Y SOCIAL</subfield>
    </datafield>
    <datafield tag="650" ind1=" " ind2=" ">
      <subfield code="a"> ESTADO</subfield>
    </datafield>
    <datafield tag="650" ind1=" " ind2=" ">
      <subfield code="a"> SANTA CRUZ (ARGENTINA)</subfield>
    </datafield>
    <datafield tag="942" ind1=" " ind2=" ">
      <subfield code="c">SP</subfield>
    </datafield>
    <datafield tag="952" ind1=" " ind2=" ">
      <subfield code="a">BIB_RECT</subfield>
      <subfield code="b">BIB_UARG</subfield>
      <subfield code="d">2005-08-23</subfield>
      <subfield code="y">SP</subfield>
      <subfield code="p">05-27525</subfield>
      <subfield code="i">05-27525</subfield>
      <subfield code="g">2.5</subfield>
      <subfield code="o">F338.1 N964n</subfield>
      <subfield code="e">Secretaría de Cienci</subfield>
      <subfield code="8">CG</subfield>
    </datafield>
    <datafield tag="952" ind1=" " ind2=" ">
      <subfield code="a">BIB_RECT</subfield>
      <subfield code="b">BIB_UARG</subfield>
      <subfield code="d">2005-08-23</subfield>
      <subfield code="y">SP</subfield>
      <subfield code="p">05-27526</subfield>
      <subfield code="i">05-27526</subfield>
      <subfield code="g">2.5</subfield>
      <subfield code="o">F338.1 N964n</subfield>
      <subfield code="e">Secretaría de Cienci</subfield>
      <subfield code="8">CG</subfield>
    </datafield>
  </record>