
  <record>
    <leader>01000aam  22002601a 4500</leader>
    <controlfield tag="001">YPZ90855</controlfield>
    <controlfield tag="003">YPZ</controlfield>
    <controlfield tag="005">200903301045420</controlfield>
    <controlfield tag="008">090330|###########||||||b||||||||||spa|d</controlfield>
    <datafield tag="040" ind1=" " ind2=" ">
      <subfield code="c">SIUNPA</subfield>
    </datafield>
    <datafield tag="041" ind1=" " ind2=" ">
      <subfield code="a">spa</subfield>
    </datafield>
    <datafield tag="044" ind1=" " ind2=" ">
      <subfield code="a">MX</subfield>
    </datafield>
    <datafield tag="080" ind1=" " ind2=" ">
      <subfield code="a">F378.4 M385u</subfield>
    </datafield>
    <datafield tag="245" ind1=" " ind2=" ">
      <subfield code="a">La universidad española ante el reto de la convergencia europea</subfield>
      <subfield code="b"> : entre la norma y la evidencia</subfield>
      <subfield code="c"> / Martínez Usarralde, María Jesús</subfield>
    </datafield>
    <datafield tag="260" ind1=" " ind2=" ">
      <subfield code="a">[México, D.F.]</subfield>
      <subfield code="b"> : Asociación Nacional de Universidades e Instituciones de Educación Superior</subfield>
      <subfield code="c"> , 2007</subfield>
    </datafield>
    <datafield tag="500" ind1=" " ind2=" ">
      <subfield code="a">Separata Revista de la Educación Superior v. XXXVI (3) no. 143, julio-septiembre de 2007, p.p. 25-42. ISSN: 0185-2760</subfield>
    </datafield>
    <datafield tag="650" ind1=" " ind2=" ">
      <subfield code="a"> UNIVERSIDADES</subfield>
    </datafield>
    <datafield tag="650" ind1=" " ind2=" ">
      <subfield code="a"> ENSEÑANZA SUPERIOR</subfield>
    </datafield>
    <datafield tag="650" ind1=" " ind2=" ">
      <subfield code="a"> POLITICAS EDUCATIVAS</subfield>
    </datafield>
    <datafield tag="650" ind1=" " ind2=" ">
      <subfield code="a"> ESPAÑA </subfield>
    </datafield>
    <datafield tag="650" ind1=" " ind2=" ">
      <subfield code="a"> EUROPA</subfield>
    </datafield>
    <datafield tag="942" ind1=" " ind2=" ">
      <subfield code="c">SP</subfield>
    </datafield>
    <datafield tag="952" ind1=" " ind2=" ">
      <subfield code="a">BIB_RECT</subfield>
      <subfield code="b">BIB_UACO</subfield>
      <subfield code="d">2009-03-30</subfield>
      <subfield code="y">SP</subfield>
      <subfield code="p">02-x0174</subfield>
      <subfield code="i">02-x0174</subfield>
      <subfield code="g">8</subfield>
      <subfield code="o">F378.4 M385u</subfield>
      <subfield code="e">Donación Martínez Usarralde, María Jesús</subfield>
      <subfield code="8">CG</subfield>
    </datafield>
  </record>