
  <record>
    <leader>01000aam  22002601a 4500</leader>
    <controlfield tag="001">YPZ91876</controlfield>
    <controlfield tag="003">YPZ</controlfield>
    <controlfield tag="005">200909211525300</controlfield>
    <controlfield tag="008">090921|###########||||||b||||||||||spa|d</controlfield>
    <datafield tag="040" ind1=" " ind2=" ">
      <subfield code="c">SIUNPA</subfield>
    </datafield>
    <datafield tag="041" ind1=" " ind2=" ">
      <subfield code="a">spa</subfield>
    </datafield>
    <datafield tag="044" ind1=" " ind2=" ">
      <subfield code="a">CL</subfield>
    </datafield>
    <datafield tag="080" ind1=" " ind2=" ">
      <subfield code="a">F94(83) M386e</subfield>
    </datafield>
    <datafield tag="100" ind1=" " ind2=" ">
      <subfield code="a">Martinic Beros, Mateo.</subfield>
    </datafield>
    <datafield tag="245" ind1=" " ind2=" ">
      <subfield code="a">Exploraciones y colonización en la región central magallánica, 1853-1920</subfield>
    </datafield>
    <datafield tag="260" ind1=" " ind2=" ">
      <subfield code="a">Punta Arenas</subfield>
      <subfield code="b"> : Instituto de la Patagonia</subfield>
      <subfield code="c"> , 1978</subfield>
    </datafield>
    <datafield tag="500" ind1=" " ind2=" ">
      <subfield code="a">Separata de: Anales del Instituto de la Patagonia. v. 9  (1978)</subfield>
    </datafield>
    <datafield tag="650" ind1=" " ind2=" ">
      <subfield code="a"> HISTORIA DE CHILE</subfield>
    </datafield>
    <datafield tag="942" ind1=" " ind2=" ">
      <subfield code="c">SP</subfield>
    </datafield>
    <datafield tag="952" ind1=" " ind2=" ">
      <subfield code="a">BIB_RECT</subfield>
      <subfield code="b">BIB_UARG</subfield>
      <subfield code="d">2009-09-21</subfield>
      <subfield code="y">SP</subfield>
      <subfield code="p">05-38347</subfield>
      <subfield code="i">05-38347</subfield>
      <subfield code="g">9</subfield>
      <subfield code="o">F94(83) M386e</subfield>
      <subfield code="e">Donación Barberia, Elsa</subfield>
      <subfield code="8">CG</subfield>
    </datafield>
  </record>