
  <record>
    <leader>01000aam  22002601a 4500</leader>
    <controlfield tag="001">YPZ92535</controlfield>
    <controlfield tag="003">YPZ</controlfield>
    <controlfield tag="005">201003181546000</controlfield>
    <controlfield tag="008">100318|###########||||||b||||||||||spa|d</controlfield>
    <datafield tag="040" ind1=" " ind2=" ">
      <subfield code="c">SIUNPA</subfield>
    </datafield>
    <datafield tag="041" ind1=" " ind2=" ">
      <subfield code="a">spa</subfield>
    </datafield>
    <datafield tag="044" ind1=" " ind2=" ">
      <subfield code="a">AR</subfield>
    </datafield>
    <datafield tag="080" ind1=" " ind2=" ">
      <subfield code="a">631.47(828.8) A539r</subfield>
    </datafield>
    <datafield tag="245" ind1=" " ind2=" ">
      <subfield code="a">Recursos naturales y aptitud de uso ganadero</subfield>
      <subfield code="b"> : dos cartas escala 1:40.000 para la región magallánica</subfield>
    </datafield>
    <datafield tag="260" ind1=" " ind2=" ">
      <subfield code="a">Buenos Aires</subfield>
      <subfield code="b"> : INTA</subfield>
      <subfield code="c"> , 1985</subfield>
    </datafield>
    <datafield tag="300" ind1=" " ind2=" ">
      <subfield code="a">p. 249-274 y 345-368 : </subfield>
      <subfield code="b">il. ; </subfield>
      <subfield code="a">p. 215-265 : </subfield>
      <subfield code="b">il. ; </subfield>
      <subfield code="a">p. 307-326 : </subfield>
      <subfield code="b">il. ; </subfield>
      <subfield code="a">p. 325-362 : </subfield>
      <subfield code="b">il. ; </subfield>
      <subfield code="a">p. 39 : </subfield>
      <subfield code="a">p. 117-129 : </subfield>
      <subfield code="b">il. ; </subfield>
      <subfield code="a">[98] h. : </subfield>
      <subfield code="b">il. ; </subfield>
      <subfield code="a">54 h. : </subfield>
      <subfield code="b">il. ; </subfield>
      <subfield code="a">[10] h. : </subfield>
      <subfield code="b">il. ; </subfield>
      <subfield code="a">[17] h. : </subfield>
      <subfield code="b">il. ; </subfield>
      <subfield code="a">65 h. : </subfield>
      <subfield code="b">il. ; </subfield>
      <subfield code="a">[65] h. : </subfield>
      <subfield code="b">il. ; </subfield>
      <subfield code="a">[17] p. : </subfield>
      <subfield code="b">il. ; </subfield>
      <subfield code="a">p. 282-284 : </subfield>
      <subfield code="a">p. 301-342 : </subfield>
      <subfield code="b">cuadros ; </subfield>
      <subfield code="a">p. 61 - 77 : </subfield>
      <subfield code="b">il. ; </subfield>
      <subfield code="a">p. 298-309 : </subfield>
      <subfield code="a">p. 75-83 : </subfield>
      <subfield code="a">p. 171-205 : </subfield>
      <subfield code="b">il. ; </subfield>
      <subfield code="a">p. 27-49 : </subfield>
      <subfield code="b">il. ; </subfield>
      <subfield code="a">p. 226-237 : </subfield>
      <subfield code="b">il. ; </subfield>
      <subfield code="a">p. 200-223 : </subfield>
      <subfield code="b">il. ; </subfield>
      <subfield code="a">p. 25-40 : </subfield>
      <subfield code="a">p. 61-83 : </subfield>
      <subfield code="a">p. 1-20 : </subfield>
      <subfield code="a">p. 84-111 : </subfield>
      <subfield code="a">p. 213-232 : </subfield>
      <subfield code="b">il. ; </subfield>
      <subfield code="a">p. 121-131 : </subfield>
      <subfield code="b">il. ; </subfield>
      <subfield code="a">p. 27-41 : </subfield>
      <subfield code="b">il. ; </subfield>
      <subfield code="a">p. 2-3 : </subfield>
      <subfield code="b">il. ; </subfield>
      <subfield code="a">p. 45-50 : </subfield>
      <subfield code="b">il. ; </subfield>
      <subfield code="a">p. 451-454 : </subfield>
      <subfield code="b">mapa ; </subfield>
      <subfield code="a">p. 19-35 : </subfield>
      <subfield code="a">p. 71-87 : </subfield>
      <subfield code="a">p. 1-20 : </subfield>
      <subfield code="a">p. 2-7 : </subfield>
      <subfield code="a">p. 136-144 : </subfield>
      <subfield code="b">il. ; </subfield>
      <subfield code="a">p. 446-470 : </subfield>
      <subfield code="b">il. ; </subfield>
      <subfield code="a">p. 85-108 : </subfield>
      <subfield code="a">p. 169-185 : </subfield>
      <subfield code="a">p. 70-103 : </subfield>
      <subfield code="b">il. ; </subfield>
      <subfield code="a">31 p. : </subfield>
      <subfield code="b">il. ; </subfield>
      <subfield code="a">p. 25-42 : </subfield>
      <subfield code="a">p. 723-740 : </subfield>
      <subfield code="a">23 p. : </subfield>
      <subfield code="b">il. ; </subfield>
      <subfield code="a">p. 76-85 : </subfield>
      <subfield code="a">p. 126-140 : </subfield>
      <subfield code="a">p. 54-64 : </subfield>
      <subfield code="a">p. 8-58 : </subfield>
      <subfield code="a">p. 6-42 : </subfield>
      <subfield code="a">p. 46-94 : </subfield>
      <subfield code="a">p. 44-51 : </subfield>
      <subfield code="a">p. 8-32 : </subfield>
      <subfield code="a">p. 144-158 : </subfield>
      <subfield code="a">p. 96-124 : </subfield>
      <subfield code="a">p. 8-29 : </subfield>
      <subfield code="a">p. 8-46 : </subfield>
      <subfield code="a">p. 64-107 : </subfield>
      <subfield code="a">p. 6-57 : </subfield>
      <subfield code="a">p. 42-43 : </subfield>
      <subfield code="a">p. 50-54 : </subfield>
      <subfield code="a">p. 64-74 : </subfield>
      <subfield code="a">p. 305-321 : </subfield>
      <subfield code="a">p. 355-373 : </subfield>
      <subfield code="a">p. 33-44 : </subfield>
      <subfield code="a">p. 53-64 : </subfield>
      <subfield code="a">p. 65-76 : </subfield>
      <subfield code="a">p. 97-112 : </subfield>
      <subfield code="b">il. ; </subfield>
      <subfield code="a">p. 117-128 : </subfield>
      <subfield code="b">il. ; </subfield>
      <subfield code="a">p. 693-733 : </subfield>
      <subfield code="b">il., mapas ; </subfield>
      <subfield code="e">2 cartas de suelo pleg.</subfield>
    </datafield>
    <datafield tag="500" ind1=" " ind2=" ">
      <subfield code="a">Separata del libro: Transecta botánica de la Patagonia austral, Buenos Aires, 1985</subfield>
    </datafield>
    <datafield tag="650" ind1=" " ind2=" ">
      <subfield code="a"> CLASIFICACION DE TIERRAS</subfield>
    </datafield>
    <datafield tag="650" ind1=" " ind2=" ">
      <subfield code="a"> GANADERIA </subfield>
    </datafield>
    <datafield tag="650" ind1=" " ind2=" ">
      <subfield code="a"> UTILIZACION DE LA TIERRA</subfield>
    </datafield>
    <datafield tag="650" ind1=" " ind2=" ">
      <subfield code="a"> USO DE LAS TIERRAS</subfield>
    </datafield>
    <datafield tag="650" ind1=" " ind2=" ">
      <subfield code="a"> SANTA CRUZ (ARGENTINA)</subfield>
    </datafield>
    <datafield tag="942" ind1=" " ind2=" ">
      <subfield code="c">SP</subfield>
    </datafield>
    <datafield tag="952" ind1=" " ind2=" ">
      <subfield code="a">BIB_RECT</subfield>
      <subfield code="b">BIB_UACO</subfield>
      <subfield code="d">2010-03-18</subfield>
      <subfield code="y">SP</subfield>
      <subfield code="p">02-38943</subfield>
      <subfield code="i">02-38943</subfield>
      <subfield code="g">39</subfield>
      <subfield code="o">631.47(828.8) A539r</subfield>
      <subfield code="e">Donación Spina</subfield>
      <subfield code="8">CG</subfield>
    </datafield>
  </record>