
  <record>
    <leader>01000aam  22002601a 4500</leader>
    <controlfield tag="001">YPZ95004</controlfield>
    <controlfield tag="003">YPZ</controlfield>
    <controlfield tag="005">201204131623480</controlfield>
    <controlfield tag="008">120413|###########||||||b||||||||||spa|d</controlfield>
    <datafield tag="022" ind1=" " ind2=" ">
      <subfield code="a">03252221</subfield>
    </datafield>
    <datafield tag="040" ind1=" " ind2=" ">
      <subfield code="c">SIUNPA</subfield>
    </datafield>
    <datafield tag="041" ind1=" " ind2=" ">
      <subfield code="a">spa</subfield>
    </datafield>
    <datafield tag="044" ind1=" " ind2=" ">
      <subfield code="a">AR</subfield>
    </datafield>
    <datafield tag="080" ind1=" " ind2=" ">
      <subfield code="a">902(828.8) G732i</subfield>
    </datafield>
    <datafield tag="100" ind1=" " ind2=" ">
      <subfield code="a">Gradin, Carlos J..</subfield>
    </datafield>
    <datafield tag="700" ind1=" " ind2=" ">
      <subfield code="a">Aschero, Carlos A..</subfield>
    </datafield>
    <datafield tag="700" ind1=" " ind2=" ">
      <subfield code="a">Aguerre, Ana M..</subfield>
    </datafield>
    <datafield tag="245" ind1=" " ind2=" ">
      <subfield code="a">Investigaciones arqueológicas en Cueva de las Manos</subfield>
      <subfield code="b"> : estancia Alto Río Pinturas</subfield>
      <subfield code="c"> / Gradin, Carlos J., coordinador</subfield>
    </datafield>
    <datafield tag="260" ind1=" " ind2=" ">
      <subfield code="a">Buenos Aires</subfield>
      <subfield code="b"> : Sociedad Argentina de Antropología</subfield>
      <subfield code="c"> , 1976</subfield>
    </datafield>
    <datafield tag="500" ind1=" " ind2=" ">
      <subfield code="a">Tirada especial de la revista Relaciones de la Sociedad Argentina de Antropología. v. X, N. S.</subfield>
    </datafield>
    <datafield tag="650" ind1=" " ind2=" ">
      <subfield code="a"> ARQUEOLOGIA</subfield>
    </datafield>
    <datafield tag="650" ind1=" " ind2=" ">
      <subfield code="a"> ARTE RUPESTRE</subfield>
    </datafield>
    <datafield tag="650" ind1=" " ind2=" ">
      <subfield code="a"> CUEVA DE LAS MANOS (SANTA CRUZ)</subfield>
    </datafield>
    <datafield tag="942" ind1=" " ind2=" ">
      <subfield code="c">SP</subfield>
    </datafield>
    <datafield tag="952" ind1=" " ind2=" ">
      <subfield code="a">BIB_RECT</subfield>
      <subfield code="b">BIB_UARG</subfield>
      <subfield code="d">2012-04-12</subfield>
      <subfield code="y">SP</subfield>
      <subfield code="p">05-42296</subfield>
      <subfield code="i">05-42296</subfield>
      <subfield code="g">45</subfield>
      <subfield code="o">902(828.8) G732i</subfield>
      <subfield code="e">Don. Prof. Vilaboa, Juan/80</subfield>
      <subfield code="8">CG</subfield>
    </datafield>
  </record>