
  <record>
    <leader>01000aam  22002601a 4500</leader>
    <controlfield tag="001">YPZ97659</controlfield>
    <controlfield tag="003">YPZ</controlfield>
    <controlfield tag="005">201305281256100</controlfield>
    <controlfield tag="008">130528|###########||||||b||||||||||spa|d</controlfield>
    <datafield tag="040" ind1=" " ind2=" ">
      <subfield code="c">SIUNPA</subfield>
    </datafield>
    <datafield tag="041" ind1=" " ind2=" ">
      <subfield code="a">spa</subfield>
    </datafield>
    <datafield tag="044" ind1=" " ind2=" ">
      <subfield code="a">AR</subfield>
    </datafield>
    <datafield tag="080" ind1=" " ind2=" ">
      <subfield code="a">F159.9.072 R577a</subfield>
    </datafield>
    <datafield tag="100" ind1=" " ind2=" ">
      <subfield code="a">Rimoldi, Horacio J.A..</subfield>
    </datafield>
    <datafield tag="700" ind1=" " ind2=" ">
      <subfield code="a">Cortada, Nuria.</subfield>
    </datafield>
    <datafield tag="700" ind1=" " ind2=" ">
      <subfield code="a">Velasco, Emma S..</subfield>
    </datafield>
    <datafield tag="245" ind1=" " ind2=" ">
      <subfield code="a">Ensayo de tipificación de una prueba mental</subfield>
      <subfield code="b"> : (progressive matrices de Raven)</subfield>
    </datafield>
    <datafield tag="260" ind1=" " ind2=" ">
      <subfield code="a">Mendoza</subfield>
      <subfield code="b"> : Instituto de Psicología Experimental, Universidad Nacional de Cuyo</subfield>
      <subfield code="c"> , 1945</subfield>
    </datafield>
    <datafield tag="440" ind1=" " ind2=" ">
      <subfield code="a">Publicaciones del Instituto de Psicología Experimental</subfield>
      <subfield code="v">v. 1, no. 3</subfield>
    </datafield>
    <datafield tag="490" ind1=" " ind2=" ">
      <subfield code="a">Publicaciones del Instituto de Psicología Experimental</subfield>
      <subfield code="v">v. 1, no. 3</subfield>
    </datafield>
    <datafield tag="500" ind1=" " ind2=" ">
      <subfield code="a">Separata de: Publicaciones del Instituto de Psicología Experimental, v. 1, no. 3 (1945)</subfield>
    </datafield>
    <datafield tag="650" ind1=" " ind2=" ">
      <subfield code="a"> TEST DE MATRICES PROGRESIVAS DE RAVEN</subfield>
    </datafield>
    <datafield tag="942" ind1=" " ind2=" ">
      <subfield code="c">SP</subfield>
    </datafield>
    <datafield tag="952" ind1=" " ind2=" ">
      <subfield code="a">BIB_RECT</subfield>
      <subfield code="b">BIB_UARG</subfield>
      <subfield code="d">2013-05-23</subfield>
      <subfield code="y">SP</subfield>
      <subfield code="p">05-44792</subfield>
      <subfield code="i">05-44792</subfield>
      <subfield code="g">10</subfield>
      <subfield code="o">F159.9.072 R577a</subfield>
      <subfield code="e">Donación Facultad de Psicología, UBA</subfield>
      <subfield code="8">CG</subfield>
    </datafield>
  </record>